<record xmlns='http://www.loc.gov/MARC21/slim'><leader>01251nam a22003851  4500</leader><controlfield tag='005'>20180927112518.0</controlfield><controlfield tag='008'>750219s1951    pau           000 1 eng  </controlfield><controlfield tag='001'>991029415489703811</controlfield><datafield ind1=' ' ind2=' ' tag='010'><subfield code='a'>52001224</subfield></datafield><datafield ind1=' ' ind2=' ' tag='035'><subfield code='a'>(PPT)b25227403-01tuli_inst</subfield></datafield><datafield ind1=' ' ind2=' ' tag='035'><subfield code='a'>(DLC)ocn489143535</subfield><subfield code='9'>ExL</subfield></datafield><datafield ind1=' ' ind2=' ' tag='035'><subfield code='a'>   52001224 </subfield></datafield><datafield ind1=' ' ind2=' ' tag='035'><subfield code='a'>ocm01180903</subfield></datafield><datafield ind1=' ' ind2=' ' tag='035'><subfield code='a'>(OCLC)ocm01180903</subfield></datafield><datafield ind1=' ' ind2=' ' tag='040'><subfield code='a'>DLC</subfield><subfield code='c'>OCanW</subfield><subfield code='d'>WyU</subfield><subfield code='d'>DLC</subfield></datafield><datafield ind1='1' ind2=' ' tag='041'><subfield code='a'>eng</subfield><subfield code='h'>ger</subfield></datafield><datafield ind1=' ' ind2=' ' tag='079'><subfield code='a'>ocm01180903</subfield></datafield><datafield ind1=' ' ind2=' ' tag='090'><subfield code='a'>PT2605.O323</subfield><subfield code='b'>S7</subfield></datafield><datafield ind1='1' ind2=' ' tag='100'><subfield code='a'>Cohn, Emil,</subfield><subfield code='d'>1881-1948.</subfield></datafield><datafield ind1='1' ind2='0' tag='245'><subfield code='a'>Stories and fantasies from the Jewish past;</subfield><subfield code='c'>translated from the German manuscript by Charles Reznikoff.</subfield></datafield><datafield ind1=' ' ind2=' ' tag='260'><subfield code='a'>Philadelphia,</subfield><subfield code='b'>Jewish Publication Society of America,</subfield><subfield code='c'>1951.</subfield></datafield><datafield ind1=' ' ind2=' ' tag='300'><subfield code='a'>262 p.</subfield><subfield code='c'>22 cm.</subfield></datafield><datafield ind1=' ' ind2='0' tag='650'><subfield code='a'>Jews</subfield><subfield code='v'>Fiction.</subfield></datafield><datafield ind1='2' ind2=' ' tag='710'><subfield code='a'>Temple University.</subfield><subfield code='b'>Libraries.</subfield><subfield code='b'>Jewish Publication Society Collection.</subfield><subfield code='5'>PPT</subfield></datafield><datafield ind1=' ' ind2=' ' tag='902'><subfield code='a'>130919</subfield></datafield><datafield ind1=' ' ind2=' ' tag='902'><subfield code='a'>MARCIVE RECON PROJECT</subfield></datafield><datafield ind1=' ' ind2=' ' tag='902'><subfield code='a'>PZ3.C664</subfield><subfield code='b'>St</subfield></datafield><datafield ind1=' ' ind2=' ' tag='907'><subfield code='a'>.b25227403</subfield><subfield code='b'>multi</subfield><subfield code='c'>-</subfield></datafield><datafield ind1=' ' ind2=' ' tag='945'><subfield code='l'>pstk </subfield><subfield code='g'>1</subfield></datafield><datafield ind1=' ' ind2=' ' tag='945'><subfield code='l'>pstk </subfield><subfield code='g'>1</subfield></datafield><datafield ind1=' ' ind2=' ' tag='945'><subfield code='l'>upjac</subfield><subfield code='a'>Z473.J458</subfield><subfield code='b'>C655 1951</subfield><subfield code='g'>1</subfield></datafield><datafield ind1='0' ind2='8' tag='973'><subfield code='t'>Jewish Publication Society Collection</subfield></datafield><datafield ind1='0' ind2='8' tag='974'><subfield code='t'>Philadelphia Jewish Archives Collection</subfield></datafield><datafield ind1=' ' ind2=' ' tag='979'><subfield code='a'>ocm01180903</subfield></datafield><datafield ind1=' ' ind2=' ' tag='998'><subfield code='b'>2</subfield><subfield code='c'>020720</subfield><subfield code='d'>m</subfield><subfield code='e'>a</subfield><subfield code='f'>-</subfield><subfield code='g'>0</subfield></datafield><datafield ind1=' ' ind2=' ' tag='ADM'><subfield code='b'>2018-09-27 15:25:18</subfield><subfield code='e'>b25227403-01tuli_inst</subfield><subfield code='d'>ILS</subfield><subfield code='a'>2017-06-20 05:52:49</subfield><subfield code='c'>false</subfield></datafield><datafield ind1='0' ind2=' ' tag='HLD'><subfield code='b'>ASRS</subfield><subfield code='c'>ASRS_TEST</subfield><subfield code='h'>  PT2605.O323  </subfield><subfield code='i'>  S7  </subfield><subfield code='8'>22453988680003811</subfield><subfield code='updated'>2019-04-09 16:58:03</subfield><subfield code='created'>2017-06-20 05:52:49</subfield></datafield><datafield ind1='0' ind2=' ' tag='HLD'><subfield code='b'>SCRC</subfield><subfield code='c'>rarestacks</subfield><subfield code='h'>Z473.J458 C655 1951</subfield><subfield code='8'>22237782730003811</subfield><subfield code='updated'>2017-08-15 13:10:38</subfield><subfield code='created'>2017-06-20 05:52:49</subfield></datafield><datafield ind1=' ' ind2=' ' tag='ITM'><subfield code='r'>22453988680003811</subfield><subfield code='b'>1</subfield><subfield code='h'>0</subfield><subfield code='g'>ASRS_TEST</subfield><subfield code='t'>BOOK</subfield><subfield code='9'>39074013084751</subfield><subfield code='e'>ASRS_TEST</subfield><subfield code='8'>23237782770003811</subfield><subfield code='a'>0</subfield><subfield code='i'>PT2605.O323 S7</subfield><subfield code='updated'>2019-04-09 16:58:25</subfield><subfield code='q'>2017-06-20 05:52:49</subfield><subfield code='d'>ASRS</subfield><subfield code='f'>ASRS</subfield></datafield><datafield ind1=' ' ind2=' ' tag='ITM'><subfield code='r'>22453988680003811</subfield><subfield code='b'>1</subfield><subfield code='h'>0</subfield><subfield code='g'>ASRS_TEST</subfield><subfield code='t'>BOOK</subfield><subfield code='9'>39074013084801</subfield><subfield code='e'>ASRS_TEST</subfield><subfield code='8'>23237782750003811</subfield><subfield code='a'>0</subfield><subfield code='i'>PT2605.O323 S7</subfield><subfield code='updated'>2019-04-09 16:58:25</subfield><subfield code='q'>2017-06-20 05:52:49</subfield><subfield code='d'>ASRS</subfield><subfield code='f'>ASRS</subfield></datafield><datafield ind1=' ' ind2=' ' tag='ITM'><subfield code='r'>22237782730003811</subfield><subfield code='b'>1</subfield><subfield code='h'>0</subfield><subfield code='g'>rarestacks</subfield><subfield code='t'>BOOK</subfield><subfield code='9'>39074024982548</subfield><subfield code='e'>rarestacks</subfield><subfield code='8'>23237782720003811</subfield><subfield code='a'>4</subfield><subfield code='i'>Z473.J458 C655 1951</subfield><subfield code='updated'>2018-09-24 18:49:46</subfield><subfield code='q'>2017-06-20 05:52:49</subfield><subfield code='d'>SCRC</subfield><subfield code='f'>SCRC</subfield></datafield></record>